<record><leader>00000cas a22000007a 4500</leader><controlfield tag="001">62219864</controlfield><controlfield tag="008">051104d19521983iluwr ne      0    0eng c</controlfield><datafield ind1=" " ind2=" " tag="010"><subfield code="a">sn2005060804</subfield></datafield><datafield ind1=" " ind2=" " tag="040"><subfield code="a">CVF</subfield><subfield code="b">eng</subfield><subfield code="c">CVF</subfield><subfield code="d">OCLCQ</subfield></datafield><datafield ind1=" " ind2=" " tag="042"><subfield code="a">pcc</subfield></datafield><datafield ind1=" " ind2=" " tag="043"><subfield code="a">n-us-il</subfield></datafield><datafield ind1="0" ind2=" " tag="130"><subfield code="a">Post (Loves Park, Ill. : 1952)</subfield></datafield><datafield ind1="1" ind2="4" tag="245"><subfield code="a">The post.</subfield></datafield><datafield ind1=" " ind2=" " tag="260"><subfield code="a">Loves Park, Ill. :</subfield><subfield code="b">Post Publishers,</subfield><subfield code="c">1952-1983.</subfield></datafield><datafield ind1=" " ind2=" " tag="300"><subfield code="a">v.</subfield></datafield><datafield ind1=" " ind2=" " tag="310"><subfield code="a">Weekly</subfield></datafield><datafield ind1="0" ind2=" " tag="362"><subfield code="a">Vol. 5, no. 40 (Jan. 3, 1952)- v. 23, no. 23 (Jan. 6, 1983).</subfield></datafield><datafield ind1=" " ind2=" " tag="580"><subfield code="a">Merged with: Machesney Park post and Loves Park post to form: The post.</subfield></datafield><datafield ind1=" " ind2="4" tag="651"><subfield code="a">Loves Park (Ill.)</subfield><subfield code="v">Newspapers.</subfield></datafield><datafield ind1=" " ind2="4" tag="651"><subfield code="a">Machesney Park (Ill.)</subfield><subfield code="v">Newspapers.</subfield></datafield><datafield ind1=" " ind2=" " tag="752"><subfield code="a">United States</subfield><subfield code="b">Illinois</subfield><subfield code="c">Winnebago</subfield><subfield code="d">Loves Park.</subfield></datafield><datafield ind1="0" ind2="4" tag="780"><subfield code="t">Loves Park post</subfield></datafield><datafield ind1="0" ind2="4" tag="780"><subfield code="t">Machesney Park post</subfield></datafield><datafield ind1="1" ind2=" " tag="029"><subfield code="a">AU@</subfield><subfield code="b">000028662860</subfield></datafield></record>